@article{depsy2016,
  title={The unsung heroes of scientific software},
  author={Chawla, Dalmeet Singh},
  journal={Nature},
  volume={529},
  number={7584},
  pages={115--116},
  year={2016}
}
